<?xml version="1.0" encoding="UTF-8"?><collection xmlns="http://www.loc.gov/MARC21/slim"><record><leader>00483nam--2200181-i-4500</leader><controlfield tag="001">000002725</controlfield><controlfield tag="002">20161230</controlfield><controlfield tag="005">20161230201025</controlfield><controlfield tag="008">060222s1000------------r-----000-0-eng-d</controlfield><datafield ind1=" " ind2=" " tag="040"><subfield code="a">IFIN-HH</subfield></datafield><datafield ind1=" " ind2=" " tag="080"><subfield code="a">539.1</subfield></datafield><datafield ind1="1" ind2=" " tag="100"><subfield code="a">Dushman, Saul</subfield></datafield><datafield ind1="1" ind2="0" tag="245"><subfield code="a">Fundamentals of atomic physics</subfield><subfield code="c">Saul dushman</subfield></datafield><datafield ind1=" " ind2=" " tag="250"><subfield code="a">First Edition Second Impression</subfield></datafield><datafield ind1=" " ind2=" " tag="260"><subfield code="a">New York</subfield><subfield code="b">Mcgraw-hill Bookk Company, Inc</subfield><subfield code="c">1951</subfield></datafield><datafield ind1=" " ind2=" " tag="300"><subfield code="a">294P</subfield></datafield><datafield ind1=" " ind2=" " tag="852"><subfield code="a">10273</subfield><subfield code="c">539</subfield></datafield><datafield ind1=" " ind2=" " tag="CAT"><subfield code="a">Sys</subfield><subfield code="c">20110922</subfield><subfield code="h">151234</subfield></datafield></record></collection>